%% This BibTeX bibliography file was created using BibDesk.
%% http://bibdesk.sourceforge.net/


%% Created for Xiner Liu at 2015-01-04 22:01:34 -0500 


%% Saved with string encoding Unicode (UTF-8) 

@inproceedings{stanley:combinatorial-applications-of-the-hard-lefschetz-theorem,
    AUTHOR = {Stanley, Richard P.},
     TITLE = {Combinatorial applications of the hard {L}efschetz theorem},
 BOOKTITLE = {Proceedings of the {I}nternational {C}ongress of
              {M}athematicians, {V}ol.\ 1, 2 ({W}arsaw, 1983)},
     PAGES = {447--453},
 PUBLISHER = {PWN, Warsaw},
      YEAR = {1984},
   MRCLASS = {14F25 (32C40 52A25)},
  MRNUMBER = {804700},
MRREVIEWER = {P. McMullen},
}

@book{stanley_alg_comb,
	Author = {Richard P. Stanley},
	Date-Added = {2015-01-05 02:54:06 +0000},
	Date-Modified = {2015-01-05 02:56:30 +0000},
	Publisher = {Springer},
	Series = {Undergraduate Texts in Mathematics},
	Title = {Algebraic Combinatorics},
	Year = {2013}}

@article{babson,
	Author = {Eric Babson and Dmitry N. Kozlov},
	Issue = {2},
	Journal = {J. Algebra},
	Pages = {439-450},
	Title = {Group Actions on Posets},
	Volume = {285},
	Year = {2005}}

@incollection{greene,
	Author = {Curtis Greene and Daniel J. Kleitman},
	Booktitle = {Studies in combinatorics (MAA Stud. Math.)},
	Pages = {22-79},
	Publisher = {Math. Assoc. America, Washington, D.C.},
	Title = {Proof techniques in the theory of finite sets},
	Volume = {17},
	Year = {1978},
}

@article{pak, 
        author                  ={Igor Pak and Greta Panova}, 
        title                   ={Unimodality via {K}ronecker Products}, 
        year                    ={2014}, 
        journal                 ={J. Algebraic Combin.}, 
        volume                  ={40}, 
        pages                   ={1103-1120},
}

	
	@article{pak,
	Author = {Igor Pak and Greta Panova},
	Journal = {Journal of Algebraic Combinatorics},
	Note = {To appear},
	Title = {Unimodality via Kronecker Products},
	Year = {2013}}

@article{proctor,
	Author = {Robert A. Proctor},
	Issue = {2},
	Journal = {SIAM J. on Algebraic and Discrete Methods},
	Pages = {275-280},
	Title = {Representations of {$\mathfrak s \mathfrak l(2,\mathbb C)$} on Posets and the {S}perner Property},
	Volume = {3},
	Year = {1982}}

@article{quotients_stanley,
	Author = {Richard P. Stanley},
	Issue = {1},
	Journal = {Order},
	Pages = {29-34},
	Title = {Quotients of {P}eck Posets},
	Volume = {1},
	Year = {1984}}

@article{weyl_groups_stanley,
	Author = {Richard P. Stanley},
	Issue = {2},
	Journal = {SIAM J. on Algebraic and Discrete Methods},
	Pages = {168-184},
	Title = {Weyl Groups, the Hard {L}efschetz Theorem, and the {S}perner Property},
	Volume = {1},
	Year = {1980}}

@book{enumerative_comb,
	Author = {Richard P. Stanley},
	Publisher = {Cambridge University Press},
	Title = {Enumerative Combinatorics},
	Volume = {1},
	Year = {2011}}
