%% This BibTeX bibliography file was created using BibDesk.
%% http://bibdesk.sourceforge.net/


%% Created for Xiner Liu at 2015-01-04 22:01:34 -0500 


%% Saved with string encoding Unicode (UTF-8) 

@book{stanley_alg_comb,
	Author = {Richard P. Stanley},
	Date-Added = {2015-01-05 02:54:06 +0000},
	Date-Modified = {2015-01-05 02:56:30 +0000},
	Publisher = {Springer},
	Series = {Undergraduate Texts in Mathematics},
	Title = {Algebraic Combinatorics},
	Year = {2013}}

@article{babson,
	Author = {Eric Babson and Dmitry N. Kozlov},
	Issue = {2},
	Journal = {J. Algebra},
	Pages = {439-450},
	Title = {Group Actions on Posets},
	Volume = {285},
	Year = {2005}}

@incollection{greene,
	Author = {Curtis Greene and Daniel J. Kleitman},
	Booktitle = {Studies in combinatorics (MAA Stud. Math.)},
	Pages = {22-79},
	Publisher = {Math. Assoc. America, Washington, D.C.},
	Title = {Proof techniques in the theory of finite sets},
	Volume = {17},
	Year = {1978}}

@article{pak,
	Author = {Igor Pak and Greta Panova},
	Journal = {Journal of Algebraic Combinatorics},
	Note = {To appear},
	Title = {Unimodality via Kronecker Products},
	Year = {2013}}

@article{proctor,
	Author = {Robert A. Proctor},
	Issue = {2},
	Journal = {SIAM J. on Algebraic and Discrete Methods},
	Pages = {275-280},
	Title = {Representations of $\mathfrak s \mathfrak l(2,\mathbb C)$ on Posets and the Sperner Property},
	Volume = {3},
	Year = {1982}}

@article{quotients_stanley,
	Author = {Richard P. Stanley},
	Issue = {1},
	Journal = {Order},
	Pages = {29-34},
	Title = {Quotients of Peck Posets},
	Volume = {1},
	Year = {1984}}

@article{weyl_groups_stanley,
	Author = {Richard P. Stanley},
	Issue = {2},
	Journal = {SIAM J. on Algebraic and Discrete Methods},
	Pages = {168-184},
	Title = {Weyl Groups, the Hard Lefschetz Theorem, and the Sperner Property},
	Volume = {1},
	Year = {1980}}

@unpublished{permutation_polytopes,
	Author = {Katherine Burggraf and Jes{\'u}s de Loera and Mohamed Omar},
	Note = {arxiv: 1103.0039},
	Title = {On Volumes of Permutation Polytopes},
	Year = {2011}}

@unpublished{reu_report,
	Author = {David Hemminger and Aaron Landesman and Zijian Yao},
	Note = {http://www.math.umn.edu/ reiner/REU/HemmingerLandesmanYao2014.pdf},
	Title = {Peckness of Edge Posets},
	Year = {2014}}

@book{enumerative_comb,
	Author = {Richard P. Stanley},
	Publisher = {Cambridge University Press},
	Title = {Enumerative Combinatorics},
	Volume = {1},
	Year = {2011}}
